<record><leader>01683cam a2200361 i 4500</leader><controlfield tag="001">6774996</controlfield><controlfield tag="003">OCoLC</controlfield><controlfield tag="005">20141230112328.0</controlfield><controlfield tag="008">140630s2015    si       b    001 0 eng  </controlfield><datafield ind1=" " ind2=" " tag="010"><subfield code="a">  2014025869</subfield></datafield><datafield ind1=" " ind2=" " tag="020"><subfield code="a">9789814618038</subfield><subfield code="q">pbk. : alk. paper</subfield></datafield><datafield ind1=" " ind2=" " tag="020"><subfield code="a">9814618039</subfield><subfield code="q">pbk. : alk. paper</subfield></datafield><datafield ind1=" " ind2=" " tag="035"><subfield code="a">ocn882464541</subfield></datafield><datafield ind1=" " ind2=" " tag="040"><subfield code="a">DLC</subfield><subfield code="e">rda</subfield><subfield code="b">eng</subfield><subfield code="c">DLC</subfield><subfield code="d">YDX</subfield><subfield code="d">OCLCF</subfield><subfield code="d">BTCTA</subfield><subfield code="d">YDXCP</subfield><subfield code="d">CDX</subfield><subfield code="d">AEU</subfield></datafield><datafield ind1=" " ind2=" " tag="042"><subfield code="a">pcc</subfield></datafield><datafield ind1="0" ind2="0" tag="050"><subfield code="a">BF408</subfield><subfield code="b">.B94 2015</subfield></datafield><datafield ind1="0" ind2="0" tag="082"><subfield code="a">152.4/2</subfield><subfield code="2">23</subfield></datafield><datafield ind1=" " ind2=" " tag="090"><subfield code="a">BF408 .B94 2015</subfield><subfield code="b">AEGMCT</subfield></datafield><datafield ind1="1" ind2=" " tag="100"><subfield code="a">Byers, William,</subfield><subfield code="d">1943-</subfield><subfield code="e">author.</subfield></datafield><datafield ind1="1" ind2="0" tag="245"><subfield code="a">Deep thinking :</subfield><subfield code="b">what mathematics can teach us about the mind /</subfield><subfield code="c">William Byers (Concordia University, Canada).</subfield></datafield><datafield ind1=" " ind2="1" tag="264"><subfield code="a">Singapore ;</subfield><subfield code="a">Hackensack, NJ:</subfield><subfield code="b">World Scientific,</subfield><subfield code="c">[2015]</subfield></datafield><datafield ind1=" " ind2=" " tag="300"><subfield code="a">xv, 246 pages ;</subfield><subfield code="c">23 cm</subfield></datafield><datafield ind1=" " ind2=" " tag="336"><subfield code="a">text</subfield><subfield code="b">txt</subfield><subfield code="2">rdacontent</subfield></datafield><datafield ind1=" " ind2=" " tag="337"><subfield code="a">unmediated</subfield><subfield code="b">n</subfield><subfield code="2">rdamedia</subfield></datafield><datafield ind1=" " ind2=" " tag="338"><subfield code="a">volume</subfield><subfield code="b">nc</subfield><subfield code="2">rdacarrier</subfield></datafield><datafield ind1=" " ind2=" " tag="504"><subfield code="a">Includes bibliographical references (pages 235-237) and index.</subfield></datafield><datafield ind1="0" ind2=" " tag="505"><subfield code="a">Preface: smart people or smart machines? -- What is deep thinking? -- Conceptual systems -- Deep thinking in mathematics and science -- Deep thinking in the mind and the brain -- Deep thinking and creativity -- Deep learning -- Good teaching -- Undergraduate mathematics -- What the mind can teach us about mathematics -- What mathematics can teach us about the mind.</subfield></datafield><datafield ind1=" " ind2=" " tag="596"><subfield code="a">29</subfield></datafield><datafield ind1=" " ind2="0" tag="650"><subfield code="a">Creative thinking.</subfield></datafield><datafield ind1=" " ind2="0" tag="650"><subfield code="a">Thought and thinking.</subfield></datafield><datafield ind1=" " ind2="0" tag="650"><subfield code="a">Mathematics</subfield><subfield code="x">Philosophy.</subfield></datafield><datafield ind1=" " ind2=" " tag="949"><subfield code="a">BF408 .B94 2015</subfield><subfield code="h">GMCT-OS-B</subfield><subfield code="i">1007434788</subfield><subfield code="p">31.64</subfield><subfield code="k">AVAIL_SOON</subfield></datafield><datafield ind1=" " ind2=" " tag="926"><subfield code="a">BF408 .B94 2015</subfield><subfield code="w">LC</subfield><subfield code="c">1</subfield><subfield code="i">1007434788</subfield><subfield code="d">11/16/2016</subfield><subfield code="l">ON_SHELF</subfield><subfield code="m">GR_MACEWAN</subfield><subfield code="p">$30.13</subfield><subfield code="q">1</subfield><subfield code="r">Y</subfield><subfield code="s">Y</subfield><subfield code="t">BOOK</subfield><subfield code="u">1/13/2015</subfield></datafield></record>